%% This BibTeX bibliography file was created using BibDesk.
%% http://bibdesk.sourceforge.net/

%% Created for Jack Frankland at 2017-12-20 11:36:44 +0000 


%% Saved with string encoding Unicode (UTF-8) 



@webpage{Wikipdeia:PathIntegral,
	Author = {Wikipedia, The Free Encyclopedia},
	Date-Added = {2017-12-20 11:31:24 +0000},
	Date-Modified = {2017-12-20 11:34:41 +0000},
	Lastchecked = {20-Dec-2017},
	Title = {Path Integral Formulation},
	Url = {https://en.wikipedia.org/wiki/Path_integral_formulation#/media/File:Three_paths_from_A_to_B.png},
	Year = {2017}}

@article{blankenbecler_degrand_sugar_1980,
	Author = {Blankenbecler, R. and Degrand, T. and Sugar, R. L.},
	Date-Added = {2017-12-19 13:56:33 +0000},
	Date-Modified = {2017-12-19 13:56:33 +0000},
	Doi = {10.1103/physrevd.21.1055},
	Journal = {Physical Review D},
	Number = {4},
	Pages = {1055--1061},
	Title = {Moment method for eigenvalues and expectation values},
	Volume = {21},
	Year = {1980},
	Bdsk-Url-1 = {https://dx.doi.org/10.1103/physrevd.21.1055}}

@article{creutz_freedman_1981,
	Author = {Creutz, M and Freedman, B},
	Date-Added = {2017-12-19 13:53:16 +0000},
	Date-Modified = {2017-12-19 13:53:16 +0000},
	Doi = {10.1016/0003-4916(81)90074-9},
	Journal = {Annals of Physics},
	Number = {2},
	Pages = {427--462},
	Title = {A statistical approach to quantum mechanics},
	Volume = {132},
	Year = {1981},
	Bdsk-Url-1 = {https://dx.doi.org/10.1016/0003-4916(81)90074-9}}
